@Manual{ggplot2q,
  title={ggplot2: Elegant graphics for data analysis},
  author={Wickham, H.},
  year={2016},
  publisher={Springer-Verlag New York}
}

@Manual{rstandard,
     title = {R: A Language and Environment for Statistical Computing},
     author = {{R Core Team}},
     organization = {R Foundation for Statistical Computing},
     address = {Vienna, Austria},
     year = {2017},
     url = {https://www.R-project.org/},
   }
   
@Manual{clauscowplot,
     title = {Cowplot},
     author = {Claus O. Wilke},
     year = {2019},
     url = {https://cran.r-project.org/web/packages/cowplot/vignettes/introduction.html},
   }
   
@Manual{rvaidememoire,
     title = {RVAideMemoire: Testing and Plotting Procedures for Biostatistics},
     author = {Maxima Hervé},
     year = {2019},
     url = {https://CRAN.R-project.org/package=RVAideMemoire},
   }
   
@Manual{rcompanion,
     title = {rcompanion: Functions to Support Extension Education Program Evaluation},
     author = {Salvatore Mangiafico},
     year = {2019},
     url = {https://CRAN.R-project.org/package=rcompanion},
   }
   
@article{homegarden,
     title = {Home gardens as an alternative for sustainability: Challenges and perspectives in Latin America},
     author = {María T. Pulido,  Erika M. Pagaza-Calderón, Andrea Martínez-Ballesté, Belinda Maldonado-Almanza, Alfredo Saynes and Reyna M. Pacheco},
     year = {2008},
     journal= {Current Topics in Ethnobotany},
     url = {https://pdfs.semanticscholar.org/c1ae/9de7a421936b9c37b74f3207045f309ab74c.pdf},
   }   
   
@Manual{gride,
  title={GridExtra: Miscellaneous Functions for "Grid" Graphics},
  author={B. Auguie},
  year={2017},
  publisher={R package version 2.3}
}